<record><leader>00000cas a2200000 a 4500</leader><controlfield tag="001">14868220</controlfield><controlfield tag="008">861124d19701975causx ne      0   a0eng c</controlfield><datafield ind1=" " ind2=" " tag="010"><subfield code="a">sn 94023925 </subfield></datafield><datafield ind1=" " ind2=" " tag="040"><subfield code="a">KFS</subfield><subfield code="b">eng</subfield><subfield code="c">KFS</subfield><subfield code="d">OCL</subfield><subfield code="d">EYM</subfield><subfield code="d">CNW</subfield><subfield code="d">CNK</subfield><subfield code="d">OCLCQ</subfield><subfield code="d">NYS</subfield><subfield code="d">OCLCQ</subfield><subfield code="d">OCLCO</subfield></datafield><datafield ind1=" " ind2=" " tag="012"><subfield code="i">9407</subfield></datafield><datafield ind1="1" ind2=" " tag="029"><subfield code="a">AU@</subfield><subfield code="b">000011426761</subfield></datafield><datafield ind1=" " ind2=" " tag="042"><subfield code="a">pcc</subfield></datafield><datafield ind1=" " ind2=" " tag="043"><subfield code="a">n-us-ca</subfield></datafield><datafield ind1=" " ind2=" " tag="090"><subfield code="a">AP2</subfield><subfield code="b">.O12</subfield></datafield><datafield ind1="0" ind2="4" tag="245"><subfield code="a">The O.B. people's rag.</subfield></datafield><datafield ind1="3" ind2=" " tag="246"><subfield code="a">Ocean Beach people's rag</subfield></datafield><datafield ind1="3" ind2=" " tag="246"><subfield code="a">Rag</subfield></datafield><datafield ind1="3" ind2=" " tag="246"><subfield code="a">Ocean Beach rag</subfield></datafield><datafield ind1="1" ind2="3" tag="246"><subfield code="a">OB rag</subfield></datafield><datafield ind1="1" ind2="7" tag="246"><subfield code="a">O.B. rag</subfield></datafield><datafield ind1=" " ind2=" " tag="260"><subfield code="a">Ocean Beach, Calif. :</subfield><subfield code="b">[s.n.]</subfield></datafield><datafield ind1=" " ind2=" " tag="300"><subfield code="a">6 v. :</subfield><subfield code="b">ill. ;</subfield><subfield code="c">22-44 cm.</subfield></datafield><datafield ind1=" " ind2=" " tag="310"><subfield code="a">Semimonthly (irregular),</subfield><subfield code="b">&lt;Nov. 21 [1970]-&gt;</subfield></datafield><datafield ind1="1" ind2=" " tag="362"><subfield code="a">Began in Sept. 1970; ceased in 1975.</subfield></datafield><datafield ind1=" " ind2=" " tag="500"><subfield code="a">In title, the "O." is also a peace symbol, &lt;Nov. 1970-&gt;</subfield></datafield><datafield ind1=" " ind2=" " tag="500"><subfield code="a">"Will print local, national and world news that pertains to the people and our culture with a revolutionary class analysis," Jan. 26-Feb. 13, 1971.</subfield></datafield><datafield ind1=" " ind2=" " tag="500"><subfield code="a">Title varies slightly.</subfield></datafield><datafield ind1=" " ind2=" " tag="515"><subfield code="a">Numbering is irregular.</subfield></datafield><datafield ind1=" " ind2=" " tag="530"><subfield code="a">Available on microfilm from UMI (Underground Newspapers/Press Collection).</subfield></datafield><datafield ind1=" " ind2=" " tag="588"><subfield code="a">Description based on: Vol. 1, no. 6 (Nov. 21, 1970); title from cover.</subfield></datafield><datafield ind1=" " ind2=" " tag="588"><subfield code="a">Latest issue consulted: Vol. 5, no. 4 (early Mar. 1975).</subfield></datafield><datafield ind1=" " ind2="0" tag="650"><subfield code="a">Subculture</subfield><subfield code="v">Newspapers.</subfield></datafield><datafield ind1=" " ind2="0" tag="650"><subfield code="a">Radicalism</subfield><subfield code="z">California</subfield><subfield code="v">Newspapers.</subfield></datafield><datafield ind1=" " ind2="0" tag="650"><subfield code="a">Underground press publications</subfield><subfield code="z">California</subfield><subfield code="z">Ocean Beach.</subfield></datafield><datafield ind1=" " ind2="0" tag="651"><subfield code="a">San Diego (Calif.)</subfield><subfield code="x">Politics and government</subfield><subfield code="v">Newspapers.</subfield></datafield><datafield ind1=" " ind2="0" tag="651"><subfield code="a">Ocean Beach (Calif.)</subfield><subfield code="v">Newspapers.</subfield></datafield><datafield ind1=" " ind2="0" tag="651"><subfield code="a">San Diego County (Calif.)</subfield><subfield code="v">Newspapers.</subfield></datafield><datafield ind1=" " ind2="7" tag="650"><subfield code="a">Alternative lifestyles</subfield><subfield code="z">California</subfield><subfield code="z">San Diego</subfield><subfield code="v">Newspapers.</subfield><subfield code="2">henn</subfield></datafield><datafield ind1=" " ind2="7" tag="650"><subfield code="a">Counter culture</subfield><subfield code="z">California</subfield><subfield code="z">San Diego</subfield><subfield code="v">Newspapers.</subfield><subfield code="2">poliscit</subfield></datafield><datafield ind1=" " ind2="7" tag="655"><subfield code="a">Protest literature</subfield><subfield code="y">1961-1975</subfield><subfield code="x">Periodicals.</subfield><subfield code="2">rbgenr</subfield></datafield><datafield ind1=" " ind2=" " tag="752"><subfield code="a">United States</subfield><subfield code="b">California</subfield><subfield code="c">San Diego</subfield><subfield code="d">Ocean Beach.</subfield></datafield><datafield ind1=" " ind2=" " tag="850"><subfield code="a">MiU</subfield></datafield></record>